@article{cook:1971, 
	Year = {1971}, 
	Title = {The Complexity of Theorem-Proving Procedures}, 
	Author = {Stephen A. Cook} 
}

@article{davis:1960,
Year = {1960},
Title = {A Computing Procedure for Quantification Theorem},
Author = {Davis,Putnam}
}

@article{davis:1962,
Year = {1962},
Title = {A Machine Program for Theorem Proving},
Author = {Davis, Logemann, Loveland}
}

@article{ieeejtag:1990,
Year = {1990},
Title = {IEEE Standard Test Access Port and Boundary-Scan Architecture},
Author = {IEEE}
}

@inproceedings{paper:silva:1997,
  address = {Washington, DC, USA},
  author = {Joao P. Marques Silva, Karem A. Sakallah},
  booktitle = {Proceedings of the 1996 IEEE/ACM International Conference on Computer-Aided Design},
  interhash = {5826183be896728b80d2a63cbb363686},
  intrahash = {1267ec3c4b48da564da03cedb388e40b},
  pages = {220--227},
  publisher = {IEEE Computer Society},
  series = {ICCAD '96},
  title = {GRASP - a new search algorithm for satisfiability},
  url = {http://portal.acm.org/citation.cfm?id=244522.244560},
  year = 1996,
  timestamp = {2011-06-27T13:51:04.000+0200},
  keywords = {algorithm satisfaction search},
  added-at = {2011-06-27T13:51:04.000+0200},
  biburl = {http://www.bibsonomy.org/bibtex/21267ec3c4b48da564da03cedb388e40b/mschuber}
}

@article{baader:1998,
Year = {1998},
Title = {Term Rewriting and All That},
Author = {Baader, Nipkow}
}

@article{gomes:1998,
Year = {1998},
Title = {Boosting combinatorial search through randomization.},
Author = {Gomes C.P., Selman B., Kautz H.}
}

@article{scarbata:2001,
Year = {2001},
Title = {Synthese und Analyse Digitaler Schaltungen},
Author = {Gerd Scarbata}
}

@article{moskewicz:2001,
Year = {2001},
Title = {Engineering an efficient SAT solver},
Author = {Moskewicz M., Madigan C., Zhao Y.}
}

@article{satlib:2003,
	Year = {2003}, 
	Title = {SATLIB - The Satisfiability Library},
	Author = {Holger H. Hoos}
}

@article{ferrari:2004,
	Year = {2004}, 
	Title = {Reconfigurable Hardware SAT Solvers: A Survey of Systems},
	Author = {louliia Skliarova, António de Brito Ferrari}
}

@article{hoos:2004,
	Year = {2004}, 
	Title = {Stochastic Local Search Foundations and Applications},
	Author = {Holger H. Hoos, Thomas Stützle}
}

@article{mitchell:2004,
	Year = {2004}, 
	Title = {A SAT Solver Primer},
	Author = {David G. Mitchell}
}

@article{xilinxlocallink:2005,
	Year = {2005}, 
	Title = {LocalLink Interface Specification},
	Author = {Xilinx}
}

@article{xilinxbram:2005,
	Year = {2005}, 
	Title = {Using Block RAM in Spartan-3 Generation FPGAs},
	Author = {Xilinx}
}

@article{ht:2006,
	Year = {2006}, 
	Title = {HyperTransport Link Specifications},
	Author = {HT-Konsortium}
}

@article{pcie:2006,
	Year = {2006}, 
	Title = {PCIe® Base 3.0 Specification},
	Author = {PCI-SIG}
}

@article{htvspcie:2006,
	Year = {2006}, 
	Title = {Latency Comparison Between HyperTransportTM and PCI-ExpressTM In Communications Systems},
	Author = {HT-Konsortium}
}




@article{pipatsrisawar:2007,
	Year = {2007}, 
	Title = {A lightweight component caching scheme for satisfiability solvers.},
	Author = {Pipatsrisawat K., Darwiche A.}
}

@article{davis:2008, 
	Year = {2008}, 
	Title = {A Practical Reconfigurable Hardware Accelerator for Boolean Satisfiability Solvers},
	Author = {John D. Davis, Zhangxi Tan, Fang Yu}
}

@article{xilinxvirtex5:2009,
	Year = {2009}, 
	Title = {Virtex-5 Family Overview},
	Author = {Xilinx}
}

@article{hoell:2009,
	Year = {2009}, 
	Title = {Logik und Logikprogrammierung Band 1: Grundlagen},
	Author = {Steffen Hölldobler}
}

@article{preusser:2009,
	Year = {2009}, 
	Title = {Putting Queens in Carry Chains},
	Author = {Thomas B. Preußer, Bernd Nägel, Rainer G. Spallek}
}

@article{dietrich:2009,
	Year = {2009}, 
	Title = {SGI RASC: Evaluierung einer Programmierplattform zum
 Einsatz von FPGAs als Hardware-Beschleuniger im Hochleistungsrechnen},
	Author = {Robert Dietrich}
}

@article{hoell:2010,
	Year = {2010}, 
	Title = {Systematic Search},
	Author = {Steffen Hölldobler}
}

@article{haller:2010,
	Year = {2010}, 
	Title = {Relieving Capacity Limits on FPGA-Based SAT-Solvers},
	Author = {Leopold Haller, Satnam Singh}
}

@article{manthey:2010,
	Year = {2010}, 
	Title = {Improving SAT solvers using state-of-the-art techniques},
	Author = {Norbert Manthey}
}

@article{xilinxml505:2011,
	Year = {2011}, 
	Title = {ML505/ML506/ML507 Evaluation Platform User Guide},
	Author = {Xilinx}
}

@article{xilinxether:2011,
	Year = {2011}, 
	Title = {Virtex 5 FPGA Embedded Tri-Mode Ethernet MAC User Guide},
	Author = {Xilinx}
}

@article{satcomp:2011,
	Year = {2011}, 
	Title = {SAT-Competition},
	Author = {Matti Järvisalo, Daniel Le Berre, Olivier Roussel}
}

@article{amdopteron:2011,
	Year = {2011}, 
	Title = {AMD Opteron™ 6000 Plattform},
	Author = {AMD}
}

@article{katebi:2011,
	Year = {2011}, 
	Title = {Empirical Study of the Anatomy of Modern SAT-Solvers},
	Author = {Hadi Katebi , Karem A. Sakallah , Joao P. Marques-Silva}
}











